@inproceedings{castillo2011,
  title={Information credibility on Twitter},
  author={Castillo, Carlos and Mendoza, Marcelo and Poblete, Barbara},
  booktitle={Proceedings of WWW},
  year={2011}
}

@article{vosoughi2018spread,
  title={The spread of true and false news online},
  author={Vosoughi, Soroush and Roy, Deb and Aral, Sinan},
  journal={Science},
  volume={359},
  number={6380},
  pages={1146--1151},
  year={2018}
}

@inproceedings{devlin2019bert,
  title={BERT: Pre-training of Deep Bidirectional Transformers for Language Understanding},
  author={Devlin, Jacob and Chang, Ming-Wei and Lee, Kenton and Toutanova, Kristina},
  booktitle={NAACL-HLT},
  year={2019}
}

@article{conneau2020xlmr,
  title={Unsupervised Cross-lingual Representation Learning at Scale},
  author={Conneau, Alexis and others},
  journal={ACL},
  year={2020}
}

@inproceedings{ogueji2021,
  title={AfriBERTa: Self-Active Learning for Low-Resource African Languages},
  author={Ogueji, Kelechi and Zhu, Yuxin and Lin, Jimmy},
  booktitle={EMNLP (Findings)},
  year={2021}
}

@inproceedings{wang2017liar,
  title={“Liar, Liar Pants on Fire”: A New Benchmark Dataset for Fake News Detection},
  author={Wang, William Y.},
  booktitle={ACL},
  year={2017}
}

@article{shu2020fakenewsnet,
  title={FakeNewsNet: A Data Repository with News Content, Social Context and Spatiotemporal Information for Fake News Research},
  author={Shu, Kai and Mahudeswaran, Deepak and Wang, Suhang and Lee, Dongwon and Liu, Huan},
  journal={Big Data},
  year={2020}
}

@inproceedings{thorne2018fever,
  title={FEVER: a Large-scale Dataset for Fact Extraction and VERification},
  author={Thorne, James and Vlachos, Andreas and Christodoulopoulos, Christos and Mittal, Arpit},
  booktitle={NAACL-HLT},
  year={2018}
}

@inproceedings{rashkin2017truth,
  title={Truth of Varying Shades: Analyzing Language in Fake News and Political Fact-Checking},
  author={Rashkin, Hannah and Choi, Eunsol and Jang, Jin Yea and Volkova, Svitlana and Choi, Yejin},
  booktitle={EMNLP},
  year={2017}
}